@techreport{AppNote:BrushlessuC,
    author      = {{Atmel Corporation}},
    institution = {{Atmel Corporation}},
    address     = {{1600 Technology Drive, San Jose, CA 95110 USA}},
    title       = {{Atmel AVR443: Sensor-based Control of Three Phase Brushless DC Motor}},
    type        = {{App. Note}},
    year        = {2013},
    note        = {{2596C-AVR-07/2013}}
}

@misc{HSLU:Pluess,
    author          = {{Tobias Plüss}},
    howpublished    = {{Hochschule Luzern, Technik und Architektur}},
    note            = {{In einem Gespräch}},
    month           = {\APACmonth{11}},
    year            = {2014}
}

@misc{smps,
    author          = "Ulrich Schlienz",
    title           = "{Schaltnetzteile und ihre Preipherie}",
    year	    = "2009",
    edition         = "4",
    publisher       = "Vieweg+Tuebner",
    ISBN            = "978-3-3848-0613-0"
}
