@techreport{AppNote:BrushlessuC,
    author          = {{Atmel Corporation}},
    institution     = {{Atmel Corporation}},
    address         = {{1600 Technology Drive, San Jose, CA 95110 USA}},
    title           = {{Atmel AVR443: Sensor-based Control of Three Phase Brushless DC Motor}},
    type            = {{App. Note}},
    year            = {2013},
    note            = {{2596C-AVR-07/2013}}
}

@techreport{AppNote:Stepper,
    author          = {{Thomas Hopkins}},
    institution     = {{STMicroelectronics}},
    title           = {{AN235 Application note, Stepper motor driving}},
    type            = {{App. Note}},
    year            = {2012},
    address         = {{39, Chemin du Champ des FillesPlan-Les-Ouates, CH1228 Geneva}},
    note            = {{Doc ID 1679 Rev 2}}
}

@techreport{Datasheet:L6480,
    author          = {{STMicroelectronics}},
    institution     = {{STMicroelectronics}},
    title           = {{L6480, cSPIN™: microstepping motor controller with motion engine and SPI}},
    type            = {{Datasheet}},
    address         = {{39, Chemin du Champ des FillesPlan-Les-Ouates, CH1228 Geneva}},
    year            = {2012}
}

@techreport{Datasheet:A3941,
    author          = {{Allegro MicroSystems, LLC}},
    institution     = {{Allegro MicroSystems, LLC}},
    title           = {{A3941, Automotive Full Bridge MOSFET Driver}},
    type            = {{Datasheet}},
    address         = {{115 Northeast Cutoff Worcester, Massachusetts 01615-0036 U.S.A. }},
    year            = {2011}
}

@techreport{Datasheet:AH180N,
    author          = {{Diodes Incorporated}},
    institution     = {{Diodes Incorporated}},
    title           = {{AH180N, MICROPOWER OMNIPOLAR HALL-EFFECT SWITCH}},
    type            = {{Datasheet}},
    address         = {{4949 Hedgcoxe Road, Suite 200, Plano, TX 75024 USA}},
    year            = {2012}
}

@manual{Doku:Stepper,
    author          = {{Prof. Dr. Wolfgang Matthes}},
    address         = {{Peukinger Weg 34, 59423 Unna}},
    title           = {{Schrittmotoren (Einführung)}},
    year            = {2007}
}


@misc{HSLU:Pluess,
    author          = {{Tobias Plüss}},
    howpublished    = {{Hochschule Luzern, Technik und Architektur}},
    note            = {{In einem Gespräch}},
    month           = {\APACmonth{11}},
    year            = {2014}
}

@misc{smps,
    author          = "Ulrich Schlienz",
    title           = "{Schaltnetzteile und ihre Peripherie}",
    year            = "2009",
    edition         = "4",
    publisher       = "Vieweg+Tuebner",
    ISBN            = "978-3-3848-0613-0"
}
